<record><leader>00000cas a22000007a 4500</leader><controlfield tag="001">22532613</controlfield><controlfield tag="008">901018d18911891nhudn ne      0    0eng d</controlfield><datafield ind1=" " ind2=" " tag="010"><subfield code="a">sn 90062462 </subfield></datafield><datafield ind1=" " ind2=" " tag="040"><subfield code="a">NVH</subfield><subfield code="b">eng</subfield><subfield code="c">NVH</subfield><subfield code="d">OCLCQ</subfield></datafield><datafield ind1=" " ind2=" " tag="042"><subfield code="a">msc</subfield></datafield><datafield ind1="0" ind2="0" tag="245"><subfield code="a">Exeter daily news-letter.</subfield></datafield><datafield ind1=" " ind2=" " tag="260"><subfield code="a">Exeter, N.H. :</subfield><subfield code="b">John Templeton</subfield></datafield><datafield ind1=" " ind2=" " tag="300"><subfield code="a">v.</subfield></datafield><datafield ind1=" " ind2=" " tag="310"><subfield code="a">Daily (except Sun.)</subfield></datafield><datafield ind1="0" ind2=" " tag="362"><subfield code="a">No. 1 (Oct. 1, 1891)-no. 7 (Oct. 8, 1891).</subfield></datafield><datafield ind1=" " ind2=" " tag="500"><subfield code="a">Published for Exeter fair.</subfield></datafield><datafield ind1=" " ind2=" " tag="580"><subfield code="a">Weekly ed.: Exeter news-letter.</subfield></datafield><datafield ind1=" " ind2=" " tag="752"><subfield code="a">United States</subfield><subfield code="b">New Hampshire</subfield><subfield code="c">Rockingham</subfield><subfield code="d">Exeter.</subfield></datafield><datafield ind1="1" ind2=" " tag="775"><subfield code="t">Exeter news-letter (Exeter, N.H. : 1867)</subfield><subfield code="w">(DLC)sn 84023472</subfield></datafield></record>